
@misc{IE,
    author          = {RTIEBT},
    title           = {Regras Técnicas das Instalações Elétricas de Baixa Tensão - Portaria n.º 949-A/2006 },
    howpublished    = {\url{https://dre.pt/dre/legislacao-consolidada/portaria/2006-70055500-185764603}},
    month           = {9},
    year            = {2006},
}
@misc{overleaftables,
    author          = {Overleaf},
    title           = {Tables},
    howpublished    = {\url{https://pt.overleaf.com/learn/latex/Tables}},
}
@misc{overleaf,
    author          = {Overleaf},
    title           = {Inserting Images},
    howpublished    = {\url{https://pt.overleaf.com/learn/latex/Inserting_Images}},
}
@misc{simbolos,
    author          = {ufpel},
    title           = {Lista de Símbolos Matemáticos},
    howpublished    = {\url{https://wp.ufpel.edu.br/fernandosimoes/files/2012/06/Simbolos-matematicos.pdf}},
}
@misc{overleafsimbolos,
    author          = {Overleaf},
    title           = {List of Greek letters and math symbols},
    howpublished    = {\url{https://www.overleaf.com/learn/latex/List_of_Greek_letters_and_math_symbols}},
}